@book{SIGL,
  title={Sheaves in Geometry and Logic: a first introduction to topoos theory},
  author={Saunders Mac Lane, Ieke Moerdijk},
  year={1994},
  publisher={Springer-Verlag New York}
}

@phdthesis{Blechschmidt,
  title={Using the internal language of toposes in algebraic geometry},
  author={Ingo Blechschmidt},
  school={University of Augsburg},
  year={2017}
}

@misc{konradSep,
  title={Separability},
  author={Keith Conrad},
  note={Available from kconrad.math.uconn.edu}
  }

@misc{milneLEC,
  author={Milne, James S.},
  title={Lectures on Etale Cohomology (v2.21)},
  year={2013},
  note={Available at www.jmilne.org/math/},
  pages={202}
}
@book{milneEC,
  author={Milne, James S.},
  title={ Etale Cohomology (PMS-33)},
  publisher={Princeton University Press},
  year={1980}
}
@book{Borceux3,
  author={Francis Borceux},
  title={Handbook of Categorical Algebra 3},
  publisher={Cambridge University Press},
  year={1994}
}
@book{KrizAG,
  title={Introduction to algebraic geometry},
  author={Igor Kriz, Sophie Kriz},
  year={2021},
  publisher={Birkh√§user Cham}
}
@book{Szamuely,
  title={Galois Groups and Fundamental Groups},
  author={Szamuely, Tam\'as},
  year={2009},
  publisher={Cambridge University Press}
  }
@book{Hartshorne,
  title={Algebraic Geometry},
  author={Hartshorne, Robin},
  year={1977},
  publisher={Springer Science+Business Media}
  }
@book{EGA3,
  title={\'El\'ements de G\'eometrie Alg\'ebrique III. \'Etude cohomologique des faisceaux coh\'erents},
  author={Alexander Grothendieck, Jean Dieudonn\'e},
  year={1961-1967},
  publisher={IHES}
}
@misc{SGA1,
  author={Grothendieck, Alexander and Raynaud, Michele},
  title={Rev\^etements \'etales et group fondamental (SGA 1)},
  year={2002},
}
